<marcxml:record xmlns:marcxml="http://www.loc.gov/MARC21/slim" xmlns:mets="http://www.loc.gov/METS/" xmlns:bf="http://id.loc.gov/ontologies/bibframe/" xmlns:bflc="http://id.loc.gov/ontologies/bflc/" xmlns:madsrdf="http://www.loc.gov/mads/rdf/v1#" xmlns:rdf="http://www.w3.org/1999/02/22-rdf-syntax-ns#" xmlns:ri="http://id.loc.gov/ontologies/RecordInfo#" xmlns:idx="info:lc/xq-modules/lcindex" xmlns:semtriples="http://marklogic.com/semantic" xmlns:xsi="http://www.w3.org/2001/XMLSchema-instance" xmlns:xlink="http://www.w3.org/1999/xlink" xmlns:streams="info:lc/streams#">
  <marcxml:leader>00919cam a2200253 a 4500</marcxml:leader>
  <marcxml:controlfield tag="001">2368527</marcxml:controlfield>
  <marcxml:controlfield tag="005">19961209131612.4</marcxml:controlfield>
  <marcxml:controlfield tag="008">840612s1984    nyua     i    000 0 eng  </marcxml:controlfield>
  <marcxml:datafield tag="035" ind1=" " ind2=" ">
    <marcxml:subfield code="9">(DLC)   84013261</marcxml:subfield>
  </marcxml:datafield>
  <marcxml:datafield tag="906" ind1=" " ind2=" ">
    <marcxml:subfield code="a">7</marcxml:subfield>
    <marcxml:subfield code="b">cbc</marcxml:subfield>
    <marcxml:subfield code="c">orignew</marcxml:subfield>
    <marcxml:subfield code="d">1</marcxml:subfield>
    <marcxml:subfield code="e">ocip</marcxml:subfield>
    <marcxml:subfield code="f">19</marcxml:subfield>
    <marcxml:subfield code="g">y-gencatlg</marcxml:subfield>
  </marcxml:datafield>
  <marcxml:datafield tag="010" ind1=" " ind2=" ">
    <marcxml:subfield code="a">   84013261 </marcxml:subfield>
  </marcxml:datafield>
  <marcxml:datafield tag="020" ind1=" " ind2=" ">
    <marcxml:subfield code="a">0895771926 :</marcxml:subfield>
    <marcxml:subfield code="c">$23.50</marcxml:subfield>
  </marcxml:datafield>
  <marcxml:datafield tag="040" ind1=" " ind2=" ">
    <marcxml:subfield code="a">DLC</marcxml:subfield>
    <marcxml:subfield code="c">DLC</marcxml:subfield>
    <marcxml:subfield code="d">DLC</marcxml:subfield>
  </marcxml:datafield>
  <marcxml:datafield tag="050" ind1="0" ind2="0">
    <marcxml:subfield code="a">BS425</marcxml:subfield>
    <marcxml:subfield code="b">.R43 1984</marcxml:subfield>
  </marcxml:datafield>
  <marcxml:datafield tag="082" ind1="0" ind2="0">
    <marcxml:subfield code="a">220.5/2033</marcxml:subfield>
    <marcxml:subfield code="2">19</marcxml:subfield>
  </marcxml:datafield>
  <marcxml:datafield tag="245" ind1="0" ind2="0">
    <marcxml:subfield code="a">Reader's Digest Family guide to the Bible :</marcxml:subfield>
    <marcxml:subfield code="b">a concordance and reference companion to the King James Version.</marcxml:subfield>
  </marcxml:datafield>
  <marcxml:datafield tag="260" ind1=" " ind2=" ">
    <marcxml:subfield code="a">Pleasantville, N.Y. :</marcxml:subfield>
    <marcxml:subfield code="b">Reader's Digest Association,</marcxml:subfield>
    <marcxml:subfield code="c">c1984.</marcxml:subfield>
  </marcxml:datafield>
  <marcxml:datafield tag="300" ind1=" " ind2=" ">
    <marcxml:subfield code="a">832 p. :</marcxml:subfield>
    <marcxml:subfield code="b">ill. (some col.) ;</marcxml:subfield>
    <marcxml:subfield code="c">29 cm.</marcxml:subfield>
  </marcxml:datafield>
  <marcxml:datafield tag="630" ind1="0" ind2="0">
    <marcxml:subfield code="a">Bible</marcxml:subfield>
    <marcxml:subfield code="x">Concordances, English</marcxml:subfield>
    <marcxml:subfield code="x">Authorized.</marcxml:subfield>
  </marcxml:datafield>
  <marcxml:datafield tag="630" ind1="0" ind2="0">
    <marcxml:subfield code="a">Bible</marcxml:subfield>
    <marcxml:subfield code="x">Outlines, syllabi, etc.</marcxml:subfield>
  </marcxml:datafield>
  <marcxml:datafield tag="730" ind1="0" ind2=" ">
    <marcxml:subfield code="a">Reader's digest.</marcxml:subfield>
  </marcxml:datafield>
  <marcxml:datafield tag="730" ind1="0" ind2=" ">
    <marcxml:subfield code="a">Bible.</marcxml:subfield>
    <marcxml:subfield code="l">English.</marcxml:subfield>
    <marcxml:subfield code="s">Authorized.</marcxml:subfield>
  </marcxml:datafield>
  <marcxml:datafield tag="740" ind1="0" ind2=" ">
    <marcxml:subfield code="a">Family guide to the Bible.</marcxml:subfield>
  </marcxml:datafield>
  <marcxml:datafield tag="991" ind1=" " ind2=" ">
    <marcxml:subfield code="b">c-GenColl</marcxml:subfield>
    <marcxml:subfield code="h">BS425</marcxml:subfield>
    <marcxml:subfield code="i">.R43 1984</marcxml:subfield>
    <marcxml:subfield code="t">Copy 1</marcxml:subfield>
    <marcxml:subfield code="w">BOOKS</marcxml:subfield>
  </marcxml:datafield>
</marcxml:record>
